<record><leader>00000cas a22000007a 4500</leader><controlfield tag="001">2265447</controlfield><controlfield tag="008">760620d186u1877pauwr ne      0    0eng d</controlfield><datafield ind1=" " ind2=" " tag="010"><subfield code="a">sn 84026123 </subfield></datafield><datafield ind1=" " ind2=" " tag="040"><subfield code="a">PIT</subfield><subfield code="b">eng</subfield><subfield code="c">PIT</subfield><subfield code="d">NPU</subfield><subfield code="d">NPH</subfield><subfield code="d">NPX</subfield><subfield code="d">NPH</subfield><subfield code="d">NYG</subfield><subfield code="d">OCLCQ</subfield></datafield><datafield ind1=" " ind2=" " tag="042"><subfield code="a">msc</subfield></datafield><datafield ind1="0" ind2="0" tag="245"><subfield code="a">Oil City weekly times.</subfield></datafield><datafield ind1="1" ind2="3" tag="246"><subfield code="a">Weekly times</subfield></datafield><datafield ind1=" " ind2=" " tag="260"><subfield code="a">Oil City, Venango County, Pa. :</subfield><subfield code="b">F.F. Davis,</subfield><subfield code="c">-1877.</subfield></datafield><datafield ind1=" " ind2=" " tag="300"><subfield code="a">v. ;</subfield><subfield code="c">65 cm.</subfield></datafield><datafield ind1=" " ind2=" " tag="310"><subfield code="a">Weekly</subfield></datafield><datafield ind1="0" ind2=" " tag="362"><subfield code="a">-v. 11, no. 36 (Dec. 28, 1877) = -whole no. 559.</subfield></datafield><datafield ind1=" " ind2=" " tag="500"><subfield code="a">Publishers: W.H. Longwell, &lt;1874-1876&gt;.</subfield></datafield><datafield ind1=" " ind2=" " tag="500"><subfield code="a">"Republican," &lt;1876&gt;.</subfield></datafield><datafield ind1=" " ind2=" " tag="515"><subfield code="a">Issues for &lt;Sept. 6, 1872&gt; called also &lt;whole no. 273&gt;.</subfield></datafield><datafield ind1=" " ind2=" " tag="588"><subfield code="a">Description based on: Vol. 3, no. 12 (Aug. 6, 1869).</subfield></datafield><datafield ind1=" " ind2=" " tag="752"><subfield code="a">United States</subfield><subfield code="b">Pennsylvania</subfield><subfield code="c">Venango</subfield><subfield code="d">Oil City.</subfield></datafield><datafield ind1="0" ind2=" " tag="775"><subfield code="t">Oil City daily times</subfield><subfield code="w">(DLC)sn 88080796</subfield></datafield><datafield ind1="0" ind2=" " tag="775"><subfield code="t">Daily derrick</subfield><subfield code="w">(DLC)sn 84026124</subfield></datafield><datafield ind1="0" ind2="0" tag="785"><subfield code="t">Oil City weekly derrick (Oil City, Pa. : 1878)</subfield><subfield code="w">(DLC)sn 89077010</subfield></datafield></record>